<?xml version="1.0" encoding="UTF-8"?><record xmlns="http://www.loc.gov/MARC21/slim" xmlns:cinclude="http://apache.org/cocoon/include/1.0" xmlns:zs="http://www.loc.gov/zing/srw/">
  <leader>00673nz  a2200205n  4500</leader>
  <controlfield tag="001">no2004019941</controlfield>
  <controlfield tag="003">DLC</controlfield>
  <controlfield tag="005">20040303052153.0</controlfield>
  <controlfield tag="008">040302n| acaaaaaan          |a ana     c</controlfield>
  <datafield tag="010" ind1=" " ind2=" ">
    <subfield code="a">no2004019941</subfield>
  </datafield>
  <datafield tag="035" ind1=" " ind2=" ">
    <subfield code="a">(OCoLC)oca06285448</subfield>
  </datafield>
  <datafield tag="040" ind1=" " ind2=" ">
    <subfield code="a">IEN</subfield>
    <subfield code="b">eng</subfield>
    <subfield code="c">IEN</subfield>
  </datafield>
  <datafield tag="130" ind1=" " ind2="0">
    <subfield code="a">Schriftenreihe der LPR Hessen</subfield>
  </datafield>
  <datafield tag="410" ind1="2" ind2=" ">
    <subfield code="a">Hessische Landesanstalt für privaten Rundfunk.</subfield>
    <subfield code="t">Schriftenreihe der LPR Hessen</subfield>
  </datafield>
  <datafield tag="642" ind1=" " ind2=" ">
    <subfield code="a">Bd. 9</subfield>
    <subfield code="5">DPCC</subfield>
    <subfield code="5">IEN</subfield>
  </datafield>
  <datafield tag="643" ind1=" " ind2=" ">
    <subfield code="a">Kassel</subfield>
    <subfield code="b">Hessische Landesanstalt für privaten Rundfunk</subfield>
    <subfield code="a">München</subfield>
    <subfield code="b">KoPäd Verlag</subfield>
  </datafield>
  <datafield tag="644" ind1=" " ind2=" ">
    <subfield code="a">f</subfield>
    <subfield code="5">IEN</subfield>
  </datafield>
  <datafield tag="645" ind1=" " ind2=" ">
    <subfield code="a">t</subfield>
    <subfield code="5">DPCC</subfield>
    <subfield code="5">IEN</subfield>
  </datafield>
  <datafield tag="646" ind1=" " ind2=" ">
    <subfield code="a">s</subfield>
    <subfield code="5">IEN</subfield>
  </datafield>
  <datafield tag="670" ind1=" " ind2=" ">
    <subfield code="a">Fernsehperspektiven, 2000:</subfield>
    <subfield code="b">t.p. (Schriftenreihe der LPR Hessen)</subfield>
  </datafield>
</record>